 @misc{postgresql, title={PostgreSQL 14.5 documentation}, url={https://www.postgresql.org/docs/current/}, journal={PostgreSQL Documentation}, year={2022}, month={Aug}} 
 @misc{billwagner, title={C\#-Dokumentation: Einstieg, tutorials, Referenz.}, url={https://docs.microsoft.com/de-de/dotnet/csharp/}, journal={Einstieg, Tutorials, Referenz. | Microsoft Docs}, author={BillWagner}} 
 @misc{ajcvickers, title={Überblick über entity Framework Core – EF Core}, url={https://docs.microsoft.com/de-de/ef/core/}, journal={Überblick über Entity Framework Core – EF Core | Microsoft Docs}, author={Ajcvickers}} 
 @misc{wadepickett, title={ASP.NET-Dokumentation}, url={https://docs.microsoft.com/de-de/aspnet/core/?view=aspnetcore-6.0}, journal={Microsoft Docs}, author={Wadepickett}} 
 @misc{json, title={JSON Documentation W3 Schools}, url={https://www.w3schools.com/js/js_json_syntax.asp}, journal={JSON syntax}} 
 @misc{docker, title={Docker Documentation}, url={https://docs.docker.com/}, journal={Docker Documentation}, year={2022}, month={Aug}}
 @misc{nginx, title={Nginx Documentation}, url={https://nginx.org/en/docs/}, journal={nginx}}
 @misc{angular, title={Documentation Angular}, url={https://angular.io/docs}, journal={Angular}} 
 @misc{python, title={Documentation Python}, url={https://www.python.org/doc/}, journal={Python.org}}
 @misc{openapi, title={OpenAPI Specification V3.1.0}, url={https://spec.openapis.org/oas/latest.html}, journal={OpenAPI Specification v3.1.0 | Introduction, Definitions, &amp; More}}
 @misc{docker-compose, title={Overview of docker compose}, url={https://docs.docker.com/compose/}, journal={Docker Documentation}, year={2022}, month={Aug}} 
 @misc{fastapi, title={Documentation FastAPI}, url={https://fastapi.tiangolo.com/}, journal={FASTAPI}} 
 @misc{sqlalchemy, title={SQLALCHEMY 2.0 documentation}, url={https://docs.sqlalchemy.org/en/20/}, journal={SQLAlchemy Documentation - SQLAlchemy 2.0 Documentation}} 
 @misc{flask, title={Documentation flask}, url={https://flask.palletsprojects.com/en/2.2.x/}, journal={Welcome to Flask - Flask Documentation (2.2.x)}} 
 @misc{django, title={Documentation Django}, url={https://docs.djangoproject.com/en/4.1/}, journal={Django}} 
 @misc{cors, title={Cross-origin resource sharing (CORS)}, url={https://developer.mozilla.org/en-US/docs/Web/HTTP/CORS}, journal={MDN}} 
 @misc{iso-datestring, title={ISO 8601 - date and Time Format}, url={https://www.iso.org/iso-8601-date-and-time-format.html}, journal={ISO}, year={2020}, month={Mar}} 
 @misc{swaggerui, title={Documentation Swagger}, url={https://swagger.io/docs/}, journal={Swagger Documentation}} 
 @misc{stateless-programming, title={Definition of stateless}, url={https://www.pcmag.com/encyclopedia/term/stateless#:~:text=When%20a%20program%20%22does%20not,conditions%20that%20arose%20during%20processing.}, journal={PCMAG}} 
 @misc{docker-hub, title={Docker Hub}, url={https://hub.docker.com/}, journal={Docker Hub}} 
 @misc{docker-network, title={Networking overview}, url={https://docs.docker.com/network/}, journal={Docker Documentation}, year={2022}, month={Aug}} 
 @misc{angular-environments, title={Angular Environments}, url={https://angular.io/guide/build}, journal={Angular}} 
 @misc{javascript, title={JavaScript MDN Documentation}, url={https://developer.mozilla.org/en-US/docs/Web/JavaScript}, journal={MDN}} 
 @misc{ubuntu, title={Ubuntu Releases}, url={https://releases.ubuntu.com/20.04/}, journal={Ubuntu 20.04.4 lts (focal fossa)}} 
 @misc{crontab, title={Man Page Crontab}, url={https://man7.org/linux/man-pages/man5/crontab.5.html}, journal={Crontab(5) - linux manual page}} 
